

@misc{rules,
	title = {Center For Teaching and Learning of Berkeley},
	howpublished = {\url{https://teaching.berkeley.edu/statements-course-policies}}
	
}
@misc{DEKR,
      title={Bottom-Up Human Pose Estimation Via Disentangled Keypoint Regression}, 
      author={Zigang Geng and Ke Sun and Bin Xiao and Zhaoxiang Zhang and Jingdong Wang},
      year={2021},
      eprint={2104.02300},
      archivePrefix={arXiv},
      primaryClass={cs.CV}
}

