
@misc{1,
      title={Accelerating the super-resolution convolutional neural network}, 
      author={C. Dong and C. C. Loy and X. Tang},
      year={2016},
      archivePrefix={ECCV},
}
@misc{2,
      title={Real-time single image and video super-resolution using an efficient sub-pixel convolutional neural network}, 
      author={W. Shi and J. Caballero and F. Huszar and J. Totz and A. Aitken and R. Bishop and D. Rueckert and Z. Wang},
      year={2016},
      archivePrefix={CVPR},
}
@misc{3,
      title={Deep laplacian pyramid networks for fast and accurate superresolution}, 
      author={W.-S. Lai and J.-B. Huang and N. Ahuja and M.-H. Yang},
      year={2017},
      archivePrefix={CVPR},
}
@misc{4,
      title={Accelerating the super-resolution convolutional neural network}, 
      author={C. Dong and C. C. Loy and and X. Tang},
      year={2017},
      archivePrefix={CVPRW},
}
@misc{5,
      title={Real-esrgan: Training real-world blind super-resolution with pure synthetic data}, 
      author={Xintao Wang and Liangbin Xie and Chao Dong and Ying Shan},
      year={2021},
      archivePrefix={arXiv},
}
@misc{6,
      title={Learning a deep convolutional network for image super-resolution}, 
      author={Dong and C. and Loy and C.C. and He and K. and Tang and X},
      year={2014},
      archivePrefix={ECCV},
}
@misc{7,
      title={Deep residual learning for image recognition}, 
      author={K. He and X. Zhang and S. Ren and J. Sun},
      year={2016},
      archivePrefix={CVPR},
}
@misc{8,
      title={Photo-realistic single image superresolution using a generative adversarial network}, 
      author={Ledig and C. and Theis and L. and Husz'ar and F. and Caballero and J. and Cunningham and A. and Acosta and A. and Aitken and A. and Tejani and A. and Totz and J. and Wang and Z. and et al},
      year={2017},
      archivePrefix={CVPR},
}
@misc{9,
      title={Remote sensing image super-resolution: Challenges and approaches}, 
      author={D. Yang and Z. Li and Y. Xia and Z. Chen},
      year={2015},
      archivePrefix={DSP},
}
@misc{10,
      title={Aerial Image Super Resolution via Wavelet Multiscale Convolutional Neural Networks}, 
      author={T. Wang and W. Sun and H. Qi and P. Ren},
      year={2018},
      archivePrefix={IEEE Geoscience and Remote Sensing Letters},
}
@misc{11,
      title={}, 
      author={},
      year={},
      archivePrefix={},
}
@misc{12,
      title={}, 
      author={},
      year={},
      archivePrefix={},
}


